@misc{
	Dua:2019,
	author = "Dua, Dheeru and Graff, Casey",
	year = "2017",
	title = "{UCI} Machine Learning Repository",
	url = "http://archive.ics.uci.edu/ml",
	institution = "University of California, Irvine, School of Information and Computer Sciences",
	dataset = "Adult Data Set",
	datasetUrl = {https://archive.ics.uci.edu/ml/datasets/adult} 
}

@online{dataset2,
	author = {UCI Machine Learning},
	title = {Default of Credit Card Clients Dataset},
	year = 2016,
	url = {https://www.kaggle.com/uciml/default-of-credit-card-clients-dataset},
	urldate = {2021-09-20}
}

@misc{Hayes19,
	author = {Hayes, G},
	title 	= {{mlrose: Machine Learning, Randomized Optimization and SEarch package for Python}},
	year 	= 2019,
	howpublished = {\url{https://github.com/gkhayes/mlrose}},
	note 	= {Accessed: 17 October 2021}
}

@misc{Rollings20,
	author = {Rollings, A.},
	title 	= {{mlrose: Machine Learning, Randomized Optimization and SEarch package for Python, hiive extended remix}},
	year 	= 2020,
	howpublished = {\url{https://github.com/hiive/mlrose}},
	note 	= {Accessed: 17 October 2021}
}